@Book{andre04-motifs,
  author = 	 {Y.~Andr\'{e}},
  title = 	 {Une introduction aux motifs},
  publisher = 	 {Soci\'{e}t\'{e} Math\'{e}matique de France},
  year = 	 2004,
  volume = 	 17,
  series = 	 {Panoramas et {S}ynth\`{e}ses}}

@Article{Balmer-Schlichting,
  author = 	 {P.~Balmer and M.~Schlichting},
  title = 	 {Idempotent completion of triangulated categories},
  journal = 	 {Journal of Algebra},
  year = 	 2001,
  volume = 	 236,
  number = 	 2,
  pages = 	 {819--34}}

@InCollection{cartier-ha,
  author = {P.~Cartier},
  title = {A primer of hopf algebras},
  booktitle = {Frontiers in Number Theory, Physics, and Geometry II}, 
  pages = {537--615}, 
  year = 2007}

@article {chen-1973,
    AUTHOR = {{Kuo-tsai} Chen},
     TITLE = {Iterated integrals of differential forms and loop space
              homology},
   JOURNAL = {Ann. of Math. (2)},
  FJOURNAL = {Annals of Mathematics. Second Series},
    VOLUME = {97},
      YEAR = {1973},
     PAGES = {217--246},
      ISSN = {0003-486X},
   MRCLASS = {58A10 (57D99)},
  MRNUMBER = {0380859 (52 \#1756)},
MRREVIEWER = {H. H. Johnson},
}

@Article{deligne-goncharov05,
  author = 	 {Pierre Deligne and Alexander B.~Goncharov},
  title = 	 {Groupes fondamentaux motiviques de {T}ate mixte},
  journal = 	 {Ann. Sci. Ecole Norm. Sup.},
  year = 	 2005,
  volume = 	 38,
  pages = 	 {1--56}}

@incollection {deligne:galoisgroups,
    AUTHOR = {Pierre Deligne},
     TITLE = {Le groupe fondamental de la droite projective moins trois
              points},
 BOOKTITLE = {Galois groups over {${\bf Q}$} ({B}erkeley, {CA}, 1987)},
    SERIES = {Math. Sci. Res. Inst. Publ.},
    VOLUME = {16},
     PAGES = {79--297},
 PUBLISHER = {Springer},
   ADDRESS = {New York},
      YEAR = {1989},
}

@article {dego:motivicfundamentalgroups,
    AUTHOR = {Pierre Deligne and Alexander B.~Goncharov},
     TITLE = {Groupes fondamentaux motiviques de {T}ate mixte},
   JOURNAL = {Ann. Sci. \'Ecole Norm. Sup. (4)},
  FJOURNAL = {Annales Scientifiques de l'\'Ecole Normale Sup\'erieure.
              Quatri\`eme S\'erie},
    VOLUME = {38},
      YEAR = {2005},
    NUMBER = {1},
     PAGES = {1--56},
}

@Article{em,
  author = {T.~Ekedahl and S.~{M}erkulov},
  title = {Lecture notes on the {G}rothendieck-{T}eichm{\"u}ller group},
  note = {\url{http://www2.math.su.se/~sm/Papers/GT.pdf}}}

@article {goncharov-2004,
    AUTHOR = {Alexander B.~Goncharov and Yuri~I.~Manin},
     TITLE = {Multiple {$\zeta$}-motives and moduli spaces {$\overline{\mathcal{M}}_{0,n}$}},
   JOURNAL = {Compos. Math.},
  FJOURNAL = {Compositio Mathematica},
    VOLUME = {140},
      YEAR = {2004},
    NUMBER = {1},
     PAGES = {1--14},
      ISSN = {0010-437X},
   MRCLASS = {11G55 (11M41 14H10)},
  MRNUMBER = {2004120 (2005c:11090)},
MRREVIEWER = {Gilberto Bini},
       DOI = {10.1112/S0010437X03000125},
       URL = {http://dx.doi.org/10.1112/S0010437X03000125},
}

@Article{huber00-realization,
  author = 	 {A.~Huber},
  title = 	 {Realization of {V}oevodsky's motives},
  journal = 	 {Journal of Algebraic Geometry},
  year = 	 2000,
  volume = 	 9,
  number = 	 4,
  pages = 	 {755--99},
  note = 	 {Corrigendum in 13 (2004), p.~195--207}}

@InProceedings{levine92-tatemotives,
  author = 	 {M.~Levine},
  title = 	 {Tate motives and the vanishing conjectures for algebraic $K$-theory},
  booktitle = {Algebraic K-Theory and Algebraic Topology},
  pages = 	 {113--146},
  year = 	 1992,
  editor = 	 {P.G. Goerss, J. F. Jardine},
  volume = 	 407,
  series = 	 {NATO ASI Series}}

@Book{ls,
  author = {J.~Lambek and P.J. Scott},
  title = {Introduction to higher order categorical logic}, 
  volume = 7,
  publisher = {Cambridge Univ Pr}, 
  year = 1988}

@Book{MVW-motcoh,
  author = 	 {C.~Mazza, V.~Voevodsky and C.~Weibel},
  title = 	 {Lecture Notes on Motivic Cohomology},
  publisher = 	 {American Mathematical Society, Clay Mathematics Institute},
  year = 	 2006,
  volume = 	 2,
  series = 	 {Clay Mathematics Monographs}}

@Book{milne-ag,
	author = {J.S. Milne et~al.},
	title = {Algebraic groups, lie groups, and their arithmetic subgroups},
	note = {\url{http://www.jmilne.org/math/CourseNotes/ALA.pdf}},
	year = 2010}

@book{peters-2008,
	author = {C.~Peters and J.~Steenbrink},
	title = {Mixed Hodge Structures}, 
	publisher = {Springer}, 
	year = 2008
}

@Article{quillen-r,
  author = {D.~Quillen},
  title = {Rational homotopy theory},
  journal = {The Annals of Mathematics},
  pages = {205--295},
  year = 1969,
  volume = 90,
  number = 2}

@Article{suisse,
	author = {E.~Suisse},
	title = {Groupes nilpotents sans torsion et compl{\'e}t{\'e}s de {M}al'cev},
	journal = {M{\'e}moire},
	note = {\url{http://www-magistere.u-strasbg.fr/IMG/pdf/memoire_esther_suisse.pdf}},
	year = 2007}

@InCollection{voevodsky00-mm,
  author = 	 {V.~Voevodsky},
  title = 	 {Triangulated categories of motives over a
                  field},
  booktitle = 	 {Cycles, transfers, and motivic homology theories},
  publisher = {Princeton University Press},
  year = 	 2000,
  series = 	 {Annals of Mathematics Studies},
  address = 	 {Princeton, NJ}}

